@article{metamorphosis,
author = {Bosshart, Pat and others},
title = {{Forwarding Metamorphosis: Fast Programmable Match-Action Processing in Hardware for SDN}},
year = {2013},
issue_date = {October 2013},
publisher = {ACM},
address = {NY, USA},
volume = {43},
number = {4},
issn = {0146-4833},
doi = {10.1145/2534169.2486011},
journal = {ACM SIGCOMM Comput. Commun. Rev.},
pages = {99–110},
numpages = {12},
keywords = {reconfigurable match tables, rmt model, sdn}
}


@article{transactions-fpga,
author = {C. Sankaran, Ganesh and Sivalingam, Krishna M.},
title = {{A minimal resource high-speed routing lookup mechanism for servers with NetFPGAs}},
journal = {Transactions on Emerging Telecommunications Technologies},
volume = {33},
number = {4},
doi = {https://doi.org/10.1002/ett.4429},
url = {https://onlinelibrary.wiley.com/doi/abs/10.1002/ett.4429},
year = {2022}
}



@INPROCEEDINGS{programmable-data-plane,
  author={Bifulco, Roberto and Rétvári, Gábor},
  booktitle={IEEE HPSR'19}, 
  title={A Survey on the Programmable Data Plane: Abstractions, Architectures, and Open Problems}, 
  year={2018},
  volume={},
  number={},
  pages={1-7},
  doi={10.1109/HPSR.2018.8850761}}

@ARTICLE{srperf,
  author={Abdelsalam, A. and others},
  journal={IEEE Transactions on Network and Service Management}, 
  title={{SRPerf: A Performance Evaluation Framework for IPv6 Segment Routing}}, 
  year={2021},
  volume={18},
  number={2},
  pages={2320-2333},
  doi={10.1109/TNSM.2020.3048328}}



@techreport{ietf-taps-arch-18,
    number =    {draft-ietf-taps-arch-18},
    type =      {Internet-Draft},
    institution =   {IETF},
    publisher = {IETF},
    note =      {Work in Progress},
    url =       {https://datatracker.ietf.org/doc/draft-ietf-taps-arch/18/},
        author =    {Tommy Pauly and others},
    title =     {{An Architecture for Transport Services}},
    pagetotal = 33,
    year =      2023,

}

@inproceedings{custura-mtu,
author = {Custura, A. and others},
year = {2018},
pages = {1-8},
title = {{Exploring Usable Path MTU in the Internet}},
booktitle = {Traffic Measurement Analysis Conference},
doi = {10.23919/TMA.2018.8506538}
}

@InProceedings{lb-classification,
author="Almeida, R.
and others",
title={{A Characterization of Load Balancing on the IPv6 Internet}},
booktitle="Passive and Active Measurement Conference (PAM)",
year="2017",
publisher="Springer",
pages="242--254",
isbn="978-3-319-54328-4"
}

@ARTICLE{flow-label-approaches,
  author={Becerra Sanchez, L. and Padilla Aguilar, J.},
  journal={IEEE Latin America Transactions}, 
  title={{Review of Approaches for the use of the Label Flow of IPv6 Header}}, 
  year={2014},
  volume={12},
  number={8},
  pages={1602-1607},
  doi={10.1109/TLA.2014.7014534}}

@ARTICLE{srv6,
  author={Ventre, Pier Luigi and others},
  journal={IEEE Communications Surveys and Tutorials}, 
  title={Segment Routing: A Comprehensive Survey of Research Activities, Standardization Efforts, and Implementation Results}, 
  year={2021},
  volume={23},
  number={1},
  pages={182-221},
  doi={10.1109/COMST.2020.3036826}}

@article{p4,
    author = {Bosshart, Pat and others},
    title = {{P4: Programming Protocol-Independent Packet Processors}},
    year = {2014},
    issue_date = {July 2014},
    publisher = {ACM},
    address = {New York, NY, USA},
    volume = {44},
    number = {3},
    issn = {0146-4833},
    url = {https://doi.org/10.1145/2656877.2656890},
    doi = {10.1145/2656877.2656890},
    journal = {ACM SIGCOMM Comput. Commun. Rev.},
    month = {jul},
    pages = {87–95},
    numpages = {9},
    keywords = {p4, sdn, protocol-independent, reconfigurability}
    }
  


@inproceedings{james-imc,
author = {L\'{e}as, Rapha\"{e}l and others},
title = {{Measuring IPv6 Extension Headers Survivability with James}},
year = {2022},
isbn = {9781450392594},
url = {https://doi.org/10.1145/3517745.3563019},
doi = {10.1145/3517745.3563019},
booktitle = {ACM Internet Measurement Conference (IMC)},
pages = {746–747},
numpages = {2},
}

@techreport{rfc9268,
    series =    {Request for Comments},
    number =    9268,
    type = {RFC},
    institution = {IETF},
    doi =       {10.17487/RFC9268},
    url =       {https://www.rfc-editor.org/info/rfc9268},
    author =    {Robert Hinden and Gorry Fairhurst},
    title =     {{IPv6 Minimum Path MTU Hop-by-Hop Option}},
    year =      2022,
    month =     aug,
}

@techreport{james,
    number =    {draft-vyncke-v6ops-james-03},
    type =      {Internet-Draft},
    institution =   {IETF},
    publisher = {IETF},
    note =      {Work in Progress},
    url =       {https://datatracker.ietf.org/doc/draft-vyncke-v6ops-james/03/},
    author =    {{É. Vyncke and R. Léas and J. Iurman}},
    title =     {{Just Another Measurement of Extension header Survivability (JAMES)}},
    year =      2023,

}
@INPROCEEDINGS{passive-threats,
  author={Hendriks, Luuk and others},
  booktitle={Traffic Measurement and Analysis Conference}, 
  title={{Threats and surprises behind IPv6 extension headers}}, 
  year={2017},
  volume={},
  number={},
  pages={1-9},
  doi={10.23919/TMA.2017.8002912}}


@techreport{elkins-v6ops-eh-deepdive-fw-01,
    number =    {draft-elkins-v6ops-eh-deepdive-fw-01},
    type =      {Internet-Draft},
    institution =   {IETF},
    publisher = {IETF},
    note =      {Work in Progress},
    url =       {https://datatracker.ietf.org/doc/draft-elkins-v6ops-eh-deepdive-fw/01/},
        author =    {Nalini Elkins and others},
    title =     {{Deep Dive into IPv6 Extension Header Testing}},
    pagetotal = 10,
    year =      2022,
}
@techreport{ietf-6man-hbh-processing-06,
    number =    {draft-ietf-6man-hbh-processing-09},
    type =      {Internet-Draft},
    institution =   {IETF},
    publisher = {IETF},
    note =      {Work in Progress},
    url =       {https://datatracker.ietf.org/doc/draft-ietf-6man-hbh-processing/04/},
        author =    {Bob Hinden and Gorry Fairhurst},
    title =     {{IPv6 Hop-by-Hop Options Processing Procedures}},
    year =      2023,
}


@techreport{ietf-v6ops-hbh-03,
    number =    {draft-ietf-v6ops-hbh-04},
    type =      {Internet-Draft},
    institution =   {IETF},
    publisher = {IETF},
    note =      {Work in Progress},
    url =       {https://datatracker.ietf.org/doc/draft-ietf-v6ops-hbh/04/},
        author =    {Shuping Peng and others},
    title =     {{Operational Issues with Processing of the Hop-by-Hop Options Header}},
    pagetotal = 15,
    year =      2023,
}
@techreport{ietf-6man-eh-limits-02,
    number =    {draft-ietf-6man-eh-limits-04},
    type =      {Internet-Draft},
    institution =   {IETF},
    publisher = {IETF},
    note =      {Work in Progress},
    url =       {https://datatracker.ietf.org/doc/draft-ietf-6man-eh-limits/},
        author =    {Tom Herbert},
    title =     {{Limits on Sending and Processing IPv6 Extension Headers}},
    pagetotal = 19,
    year =      2023,

}


@misc{fernando-talk,
title = {{IPv6 Security Mythbusting, UK IPv6 Council Enterprise Workshop}},
author = "F. Gont",
year = "2023",
month = "May",

}


@misc{nalini-iepg114,
title = {{Performance and Diagnostic Metrics (PDM) Destination Option Testing Across the Internet}},
author = " N. Elkins and others",
year = "2022",
month = "July",
howpublished="IEPG, IETF 114"

}

 @misc{apnic, title={{IPv6 Extension Headers Revisited}}, url={https://blog.apnic.net/2022/10/13/ipv6-extension-headers-revisited/}, howpublished={APNIC Blog}, publisher={APNIC}, author={Huston, Geoff}, year={2022}, month={Oct}} 


 @techreport{ietf-ippm-ioam-ipv6-options-12,
    number =    {draft-ietf-ippm-ioam-ipv6-options-12},
    institution =   {IETF},
    publisher = {{IETF}},
    note =      {Work in Progress},
    type= {Internet-Draft},
    author =    {Shwetha Bhandari and Frank Brockners},
    title =     {{In-situ OAM IPv6 Options}},
    year =      {2023},
}

@article{v6adoption,
author = {Czyz, Jakub and others},
title = {{Measuring IPv6 Adoption}},
year = {2014},
issue_date = {October 2014},
publisher = {ACM},
address = {New York, NY, USA},
volume = {44},
number = {4},
issn = {0146-4833},
url = {https://doi.org/10.1145/2740070.2626295},
doi = {10.1145/2740070.2626295},
journal = {SIGCOMM Comput. Commun. Rev.},
month = {aug},
pages = {87–98},
numpages = {12},
}


@ARTICLE{v6adoption_ton,
  author={Nikkhah, Mehdi and Guérin, Roch},
  journal={IEEE Transactions on Networking}, 
  title={{Migrating the Internet to IPv6: An Exploration of the When and Why}}, 
  year={2016},
  volume={24},
  number={4},
  pages={2291-2304},
  doi={10.1109/TNET.2015.2453338}}

  
@misc{rfc9288,
    series =    {Request for Comments},
    number =    9288,
    howpublished =  {RFC 9288},
    publisher = {RFC Editor},
    doi =       {10.17487/RFC9288},
    url =       {https://www.rfc-editor.org/info/rfc9288},
        author =    {Fernando Gont and Will (Shucheng) LIU},
    title =     {{Recommendations on the Filtering of IPv6 Packets Containing IPv6 Extension Headers at Transit Routers}},
    pagetotal = 33,
    year =      2022,
    month =     aug,
  }



@article{router-architecture,
author = {Aweya, James},
title = {{IP router architectures: an overview}},
journal = {International Journal of Communication Systems},
volume = {14},
number = {5},
pages = {447-475},
doi = {https://doi.org/10.1002/dac.505},
year = {2001}
}

@article{naagas2021deh,
  title={{DEH-DoSv6: A defendable security model against IPv6 extension headers denial of service attack}},
  author={Naagas, Marlon and others},
  journal={Bulletin of Electrical Engineering and Informatics},
  volume={10},
  number={1},
  pages={274--282},
  year={2021}
}


@techreport{cisco-silicon-one,
     title = {{Cisco Silicon One Product Family}},
     author = {Cisco Systems},
     year = {2022},
     institution = {Cisco Systems Inc.},
}

%

@techreport{rfc9343,
    number =    9343,
    type = {{RFC}},
    title =  {{IPv6 Application of the Alternate-Marking Method}},
    institution = {IETF},
    url =       {https://www.rfc-editor.org/info/rfc9343},
    author =    {{Giuseppe Fioccola and others}},
    year =      2022,
    month =     dec
}

@article{bajpai2015lessons,
  title={{Lessons learned from using the RIPE Atlas platform for measurement research}},
  author={Bajpai, Vaibhav and others},
  journal={ACM SIGCOMM Comput. Commun. Rev.},
  volume={45},
  number={3},
  pages={35--42},
  year={2015},
  publisher={ACM, NY, USA}
}

@inproceedings{learmonth2016pathspider,
  title={PATHspider: A tool for active measurement of path transparency},
  author={Learmonth, Iain and others},
  booktitle={Applied Networking Research Workshop},
  pages={62--64},
  year={2016},
  month={June}
}

@inproceedings{augustin2006avoiding,
  title={{Avoiding traceroute anomalies with Paris traceroute}},
  author={Augustin, Brice and others},
  booktitle={ACM Internet Measurement Conference (IMC)},
  pages={153--158},
  year={2006},
  publisher={ACM, NY, USA}

}

@article{conti2020,
title = {A robust multicast communication protocol for Low power and Lossy networks},
journal = {Journal of Network and Computer Applications},
volume = {164},
pages = {102675},
year = {2020},
issn = {1084-8045},
doi = {https://doi.org/10.1016/j.jnca.2020.102675},
url = {https://www.sciencedirect.com/science/article/pii/S1084804520301491},
author = {Mauro Conti and others},
}

@article{hauser2023,
title = {A survey on data plane programming with P4: Fundamentals, advances, and applied research},
journal = {Journal of Network and Computer Applications},
volume = {212},
pages = {103561},
year = {2023},
issn = {1084-8045},
doi = {https://doi.org/10.1016/j.jnca.2022.103561},
url = {https://www.sciencedirect.com/science/article/pii/S1084804522002028},
author = {Frederik Hauser and others},
publisher = {Elsevier},

}
@article{traffic-eng,
  title={{An approach to support traffic engineering in IPv6 networks based on IPv6 facilities}},
  author={Becerra S{\'a}nchez, Line and others},
  journal={Telecommunication Systems},
  volume={72},
  number={1},
  pages={11--27},
  year={2019},
  publisher={Springer}
}

@INPROCEEDINGS{os-fl,
  author={Berger, Jonathan and Klein, Amit and Pinkas, Benny},
  booktitle={IEEE Symposium on Security and Privacy}, 
  title={F{law Label: Exploiting IPv6 Flow Label}}, 
  year={2020},
  volume={},
  number={},
  pages={1259-1276},
  doi={10.1109/SP40000.2020.00075}}
